<record><leader>00000cas a2200000 a 4500</leader><controlfield tag="001">40197119</controlfield><controlfield tag="008">981030d19521959caucr ne      0    0eng c</controlfield><datafield ind1=" " ind2=" " tag="010"><subfield code="a">sn 98061336 </subfield></datafield><datafield ind1=" " ind2=" " tag="040"><subfield code="a">CNK</subfield><subfield code="b">eng</subfield><subfield code="c">CNK</subfield><subfield code="d">OCLCQ</subfield><subfield code="d">CNK</subfield><subfield code="d">OCLCQ</subfield><subfield code="d">OCLCF</subfield><subfield code="d">OCLCO</subfield></datafield><datafield ind1="1" ind2=" " tag="029"><subfield code="a">AU@</subfield><subfield code="b">000014355884</subfield></datafield><datafield ind1=" " ind2=" " tag="042"><subfield code="a">pcc</subfield></datafield><datafield ind1=" " ind2=" " tag="043"><subfield code="a">n-us-ca</subfield></datafield><datafield ind1="0" ind2=" " tag="130"><subfield code="a">Gardena Valley news (Gardena, Calif. : 1952)</subfield></datafield><datafield ind1="1" ind2="0" tag="245"><subfield code="a">Gardena Valley news.</subfield></datafield><datafield ind1="1" ind2=" " tag="246"><subfield code="i">Sunday issues published as:</subfield><subfield code="a">Gardena Valley Sunday news</subfield><subfield code="f">July 21, 1957-Apr. 26, 1959</subfield></datafield><datafield ind1=" " ind2=" " tag="260"><subfield code="a">Gardena, Calif. :</subfield><subfield code="b">Agnes E. Dow.</subfield></datafield><datafield ind1=" " ind2=" " tag="300"><subfield code="a">v.</subfield></datafield><datafield ind1=" " ind2=" " tag="310"><subfield code="a">Semiweekly,</subfield><subfield code="b">July 28, 1957-Apr. 30, 1959</subfield></datafield><datafield ind1=" " ind2=" " tag="321"><subfield code="a">Weekly,</subfield><subfield code="b">Feb. 21, 1952-July 11, 1957</subfield></datafield><datafield ind1="0" ind2=" " tag="362"><subfield code="a">48th year, no. 34 (Feb. 21, 1952)-55th year, no. 91 (Apr. 30, 1959).</subfield></datafield><datafield ind1=" " ind2=" " tag="500"><subfield code="a">"Gardena Valley" appears in small print to the left of "News," Mar. 21, 1957-Apr. 30, 1959; "Sunday" is superimposed over "Gardena Valley News, " July 21, 1957-Apr. 26, 1959.</subfield></datafield><datafield ind1=" " ind2=" " tag="515"><subfield code="a">Numbering consistent between change of frequencies in July 1957.</subfield></datafield><datafield ind1=" " ind2=" " tag="530"><subfield code="a">Master negatives are available for duplication from:</subfield><subfield code="b">California Newspaper Microfilm Archive;</subfield><subfield code="c">positive copies may be purchased by the reel; for further information consult the CNMA at:</subfield><subfield code="u">http://cbsr.ucr.edu</subfield></datafield><datafield ind1=" " ind2="0" tag="651"><subfield code="a">Gardena (Calif.)</subfield><subfield code="v">Newspapers.</subfield></datafield><datafield ind1=" " ind2="7" tag="655"><subfield code="a">Newspapers.</subfield><subfield code="2">fast</subfield><subfield code="0">(OCoLC)fst01423814</subfield></datafield><datafield ind1=" " ind2="7" tag="651"><subfield code="a">California</subfield><subfield code="z">Gardena.</subfield><subfield code="2">fast</subfield><subfield code="0">(OCoLC)fst01226002</subfield></datafield><datafield ind1=" " ind2=" " tag="752"><subfield code="a">United States</subfield><subfield code="b">California</subfield><subfield code="c">Los Angeles</subfield><subfield code="d">Gardena.</subfield></datafield><datafield ind1="0" ind2="0" tag="780"><subfield code="t">Gardena Valley news and Gardena Valley extended area merchants news</subfield><subfield code="w">(DLC)sn 98061335</subfield></datafield><datafield ind1="0" ind2="0" tag="785"><subfield code="t">Gardena Valley news and Imperial-Hollypark news</subfield><subfield code="w">(DLC)sn 98061337</subfield></datafield></record>